<?xml version="1.0" encoding="UTF-8"?><collection xmlns="http://www.loc.gov/MARC21/slim"><record><leader>00452nam--2200169-i-4500</leader><controlfield tag="001">000000022</controlfield><controlfield tag="002">20161230</controlfield><controlfield tag="005">20170117132443</controlfield><controlfield tag="008">060222s1000------------r-----000-0-eng-d</controlfield><datafield ind1=" " ind2=" " tag="080"><subfield code="a">621.37(075.8):621.38(075.8)</subfield></datafield><datafield ind1=" " ind2=" " tag="100"><subfield code="a">Fitchen, C. C</subfield></datafield><datafield ind1=" " ind2=" " tag="245"><subfield code="a">Low-noise electronic design</subfield></datafield><datafield ind1=" " ind2=" " tag="260"><subfield code="a">New York</subfield><subfield code="b">John Wiley &amp; Sons</subfield><subfield code="c">1973</subfield></datafield><datafield ind1=" " ind2=" " tag="300"><subfield code="a">XVIII + 358 P</subfield></datafield><datafield ind1=" " ind2=" " tag="700"><subfield code="a">Montchenbacher, C. D</subfield></datafield><datafield ind1=" " ind2=" " tag="852"><subfield code="a">39445</subfield><subfield code="c">621.38</subfield></datafield><datafield ind1=" " ind2=" " tag="CAT"><subfield code="a">SYS</subfield><subfield code="c">20170117</subfield><subfield code="h">132443</subfield></datafield></record></collection>